@article{mattelmäki:2005,
author = { Tuuli   Mattelmäki },
title = {Applying probes – from inspirational notes to collaborative insights},
journal = {CoDesign},
volume = {1},
number = {2},
pages = {83-102},
year  = {2005},
publisher = {Taylor & Francis},
doi = {10.1080/15719880500135821},

URL = { 
        https://doi.org/10.1080/15719880500135821
    
},
eprint = { 
        https://doi.org/10.1080/15719880500135821
    
}

}

@book{soon:2020,
  title={Aesthetic programming: A handbook of software studies},
  author={Soon, Winnie and Cox, Geoff},
  year={2020},
  publisher={Open Humanities Press}
}
